@manual{core41,
  title = {Bluetooth core specification 4.1},
  file = {https://www.bluetooth.org/docman/handlers/downloaddoc.ashx?doc_id=282159},
  organization = {Bluetooth SIG, Inc},
  url = {https://www.bluetooth.com/specifications/specs/core-specification-4-1/},
  year = {2023}
}

@manual{sensortile,
  title = {SensorTile development kit},
  organization = {STMicroelectronics},
  url = {https://www.st.com/en/evaluation-tools/steval-stlkt01v1.html},
  year = {2023}
}

@manual{STM32L476JG,
  title = {Ultra-low-power with FPU Arm Cortex-M4 MCU 80 MHz with 1 Mbyte of Flash memory, LCD, USB OTG, DFSDM},
  organization = {STMicroelectronics},
  url = {https://www.st.com/en/microcontrollers-microprocessors/stm32l476jg.html},
  year = {2023}
}

@manual{BlueNrgMs,
  title = {Bluetooth Low Energy Network Processor supporting Bluetooth 4.2 core specification},
  organization = {STMicroelectronics},
  url = {https://www.st.com/en/wireless-connectivity/bluenrg-ms.html},
  year = {2023}
}

@manual{LSM6DSM,
  title = {iNEMO 6DoF inertial measurement unit (IMU), for smart phones with OIS / EIS and AR/VR systems. Ultra-low power, high accuracy and stability},
  organization = {STMicroelectronics},
  url = {https://www.st.com/en/mems-and-sensors/lsm6dsm.html},
  year = {2023}
}

@manual{FLOSS,
  title = {Four essentional rules for software to be free},
  organization = {GNU},
  url = {https://www.gnu.org/philosophy/free-sw.html},
  year = {1990}
}

@manual{VENDORLOCKIN,
  title = {Vendor lock in},
  organization = {Wikipedia},
  url = {https://en.wikipedia.org/wiki/Vendor_lock-in},
  year = {2023}
}

@manual{GBFSK,
  title = {Gassian frequency-shift keying},
  organization = {Wikipedia},
  url = {https://en.wikipedia.org/wiki/Frequency-shift_keying#Gaussian_frequency-shift_keying},
  year = {2023}
}

@manual{firstPart,
  title = {Prvi dio aplikacije},
  author = {Branimir Ričko},
  url = {https://github.com/branc116/ble-serial},
  year = {2023}
}

@manual{secondPart,
  title = {Drugi dio aplikacije},
  author = {Branimir Ričko},
  url = {https://github.com/branc116/raylib-udploter},
  year = {2023}
}

@manual{ble-serial,
  title = {Ble Serial},
  author= {Jake},
  url = {https://github.com/Jakeler/ble-serial},
  year = {2023}
}

@Book{ungar2002uvod,
  author = {Šime Ungar},
  title = {{Uvod u \TeX{} s naglaskom na \LaTeX 2$\epsilon$}},
  publisher = {Odjel za matematiku, Sveučilište J.J.\ Strossmayera u Osijeku},
  year = {2002}
}
